@string{csl = {Computer Science Laboratory, SRI International}}
@string{mp = {Menlo Park, CA}}

@MANUAL{PVS:prover,
        TITLE = {PVS Prover Guide},
        AUTHOR = {N. Shankar and S. Owre and J. M. Rushby and D. W. J. Stringer-Calvert},
        ORGANIZATION = csl,
        ADDRESS = mp,
        MONTH = sep,
        YEAR = 1999
}

@book{Steele:commonlisp,
	AUTHOR = {Guy L. {Steele Jr.}},
	TITLE = {Common Lisp: The Language},
	PUBLISHER = {Digital Press},
	YEAR = 1990,
	ADDRESS = {Bedford, MA},
	EDITION = {second}
}

@techreport{ERGO,
   	AUTHOR = {P. Lee and F. Pfenning and J. Reynolds and G. Rollins
		   and D. Scott},
	TITLE = {Research on Semantically Based Program-Design Environments:
		 The Ergo Project in 1988},
     	INSTITUTION = {Department of Computer Science, Carnegie Mellon University},
		NUMBER = {CMU-CS-88-118},
 	YEAR = {1988}
}
