@string{acm = {Association for Computing Machinery}}
@string{cade = { International Conference on Automated Deduction (CADE)}}
@string{cav = {Computer-Aided Verification, CAV '}}
@string{csl = {Computer Science Laboratory, SRI International}}
@string{ftcs = {Fault Tolerant Computing Symposium }}
@string{gtm = {Graduate Texts in Mathematics}}
@string{ieeecs = {IEEE Computer Society}}
@string{ieeetse = {IEEE Transactions on Software Engineering}}
@string{jsl = {Journal of Symbolic Logic}}
@string{larc = {NASA Langley Research Center}}
@string{lics = {Annual IEEE Symposium on Logic in Computer Science}}
@string{lncs = {Lecture Notes in Computer Science}}
@string{mp = {Menlo Park, CA}}
@string{ny = {New York, NY}}
@string{phiscs = {Prentice Hall International Series in Computer Science}}
@string{popl = { ACM Symposium on Principles of Programming Languages}}
@string{srds = { Symposium on Reliable Distributed Systems}}
@string{sv = {Springer-Verlag}}
@string{svwc = {Springer-Verlag Workshops in Computing}}

@MANUAL{PVS:userguide,
        TITLE = {PVS System Guide},
        AUTHOR = {S. Owre and N. Shankar and J. M. Rushby and D. W. J. Stringer-Calvert},
        ORGANIZATION = csl,
        ADDRESS = mp,
        MONTH = sep,
        YEAR = 1999
}

@MANUAL{PVS:language,
        TITLE = {PVS Language Reference},
        AUTHOR = {S. Owre and N. Shankar and J. M. Rushby and D. W. J. Stringer-Calvert},
        ORGANIZATION = csl,
        ADDRESS = mp,
        MONTH = sep,
        YEAR = 1999
}

@MANUAL{PVS:prover,
        TITLE = {PVS Prover Guide},
        AUTHOR = {N. Shankar and S. Owre and J. M. Rushby and D. W. J. Stringer-Calvert},
        ORGANIZATION = csl,
        ADDRESS = mp,
        MONTH = sep,
        YEAR = 1999
}

@manual{PVS:tutorial,
	TITLE = {PVS Tutorial},
	AUTHOR = {N. Shankar and S. Owre and J. M. Rushby},
	ORGANIZATION = csl,
	ADDRESS = mp,
	MONTH = feb,
	YEAR = 1993,
	NOTE = {Also appears in Tutorial Notes, {\em Formal Methods Europe
		'93: Industrial-Strength Formal Methods}, pages 357--406,
		Odense, Denmark, April 1993}
}

@techreport{Rushby&Stringer-Calvert95,
	TITLE = {A Less Elementary Tutorial for the {PVS} Specification
		and Verification System},
	AUTHOR = {John Rushby and David W. J. Stringer-Calvert},
	INSTITUTION = csl,
	YEAR = 1995,
	NUMBER = {SRI-CSL-95-10},
	ADDRESS = mp,
	MONTH = jun,
	NOTE = {Revised, July 1996.  Available, with specification files,
		at \url{http://www.csl.sri.com/csl-95-10.html}}
}

@techreport{PVS-ADT:TR,
	TITLE = {Abstract Datatypes in {PVS}},
	AUTHOR = {Sam Owre and Natarajan Shankar},
	NUMBER = {SRI-CSL-93-9R},
	INSTITUTION = {Computer Science Laboratory, SRI International},
	ADDRESS = {Menlo Park, CA},
	MONTH = dec,
	YEAR = 1993,
	NOTE = {Extensively revised June 1997; Also available as NASA
		Contractor Report CR-97-206264}
}

@techreport{PVS:semantics,
	TITLE = {The Formal Semantics of {PVS}},
	AUTHOR = {Sam Owre and Natarajan Shankar},
	NUMBER = {SRI-CSL-97-2},
	INSTITUTION = {Computer Science Laboratory, SRI International},
	ADDRESS = {Menlo Park, CA},
	MONTH = aug,
	YEAR = 1997
}

@book{Tcl/TK,
	AUTHOR = {John K. Ousterhout},
	PUBLISHER = {Addison-Wesley},
	TITLE = {{Tcl} and the {TK} {Toolkit}},
	YEAR = 1994,
	SERIES = {Professional Computing Series}
}

@manual{RCS,
	TITLE = {{RCS}---A System for Version Control},
	AUTHOR = {Walter F. Tichy},
	ORGANIZATION = {Department of Computer Sciences, Purdue University},
	ADDRESS = {West Lafayette, IN},
	MONTH = jul,
	YEAR = 1985
}

@book{latex2e,
        AUTHOR = {Leslie Lamport},
        TITLE = {\LaTeX: A Document Preparation System},
        PUBLISHER = {Addison-Wesley Publishing Company},
        YEAR = 1994,
        EDITION = 2,
        ADDRESS = {Reading, MA}
}

@manual{emacs20,
        TITLE = {{GNU Emacs} Manual},
        AUTHOR = {Richard M. Stallman},
        ORGANIZATION = {Free Software Foundation},
        ADDRESS = {675 Massachusetts Ave., Cambridge, MA},
        EDITION = {13th},
        MONTH = jul,
        YEAR = 1997
}

@TECHREPORT{Lamport&Paulson97,
	AUTHOR = {Leslie Lamport and Lawrence C. Paulson},
	TITLE = {Should Your Specification Language Be Typed?},
	INSTITUTION = {Digital Systems Research Center},
	YEAR = 1997,
	TYPE = {SRC Research Report},
	NUMBER = 147,
	ADDRESS = {Palo Alto, CA},
	NOTE = {Available at \url{http://www.research.digital.com/SRC}},
	MONTH = may
}

@book{Jones:VDM,
	AUTHOR = {Cliff B. Jones},
	TITLE = {Systematic Software Development Using {VDM}},
	PUBLISHER = {Prentice Hall},
	EDITION = {second},
	SERIES = phiscs,
	YEAR = 1990,
	ADDRESS = {Hemel Hempstead, UK}
}

@article{Farmer:functions,
	AUTHOR = {William M. Farmer},
	TITLE = {A Partial Functions Version of {Church's} Simple Theory
		of Types},
	JOURNAL = jsl,
	PAGES = {1269--1291},
	MONTH = sep,
	YEAR = 1990,
	VOLUME = 55,
	NUMBER = 3
}

@inproceedings{RAISE-tutorial,
	CROSSREF = {VDM91-2},
	AUTHOR = {Chris George},
	TITLE = {The {RAISE} Specification Language: A Tutorial},
	PAGES = {238--319}
}

@proceedings{VDM91-2,
	BOOKTITLE = {VDM '91: Formal Software Development Methods},
	TITLE = {VDM '91: Formal Software Development Methods},
	YEAR = 1991,
	MONTH = oct,
	EDITOR = {S. Prehn and W. J. Toetenel},
	PUBLISHER = sv,
	SERIES = lncs,
	VOLUME = 552,
	ADDRESS = {Noordwijkerhout, The Netherlands},
	NOTE = {Volume 2: Tutorials}
}

@book{Beeson:book,
	AUTHOR = {Michael J. Beeson},
	TITLE = {Foundations of Constructive Mathematics},
	PUBLISHER = sv,
	YEAR = 1985,
	SERIES = {Ergebnisse der Mathematik und ihrer Grenzgebiete; 3.
		Folge $\cdot$ Band 6}
}

@incollection{Scott79,
	AUTHOR = {D. S. Scott},
	TITLE = {Identity and Existence in Intuitionistic Logic},
	BOOKTITLE = {Applications of Sheaves},
	EDITORS = {M. P. Fourman and C. J. Mulvey and D. S. Scott},
	SERIES = {Lecture Notes in Mathematics},
	VOLUME = 753,
	PUBLISHER = sv,
	YEAR = 1979,
	PAGES = {660--696}
}

@inproceedings{Cheng&Jones90,
	AUTHOR = {J. H. Cheng and C. B. Jones},
	TITLE = {On the Usability of Logics Which Handle Partial Functions},
	BOOKTITLE = {Proceedings of the Third Refinement Workshop},
	YEAR = 1990,
	PAGES = {51--69},
	EDITOR = {Carroll Morgan and J. C. P. Woodcock},
	PUBLISHER = svwc
}

@techreport{Heitmeyer94:SCR-checks,
	AUTHOR = {Constance Heitmeyer and Bruce Labaw and Daniel Kiskis},
	TITLE = {Consistency Checks for {SCR}-Style Requirements Specifications},
	INSTITUTION = {Naval Research Laboratory},
	YEAR = 1994,
	ADDRESS = {Washington DC},
	MONTH = sep,
	NOTE = {In press}
}

@book{Boyer-Moore79,
	AUTHOR = {R. S. Boyer and J S. Moore},
	TITLE = {A Computational Logic},
	PUBLISHER = {Academic Press},
	YEAR = 1979,
	ADDRESS = ny
}

@TECHREPORT{Parnas92,
        AUTHOR = {David Lorge Parnas},
        TITLE = {Tabular Representation of Relations},
        INSTITUTION = {McMaster University},
        YEAR = {1992},
        NUMBER = {CRL Report 241},
        ADDRESS = {Hamilton, Canada, TRIO (Telecommunication Research Institute 
of Ontario)},
        MONTH = {October},
}

@incollection{Aczel:Handbook,
	author= {Peter Aczel},
	key= {Aczel:Handbook},
	title= {An introduction to inductive definitions},
	pages = {739--782},
	CROSSREF = {Handbook:logic}
}

@book{Handbook:logic,
	EDITOR = {Jon Barwise},
	BOOKTITLE = {Handbook of Mathematical Logic},
	TITLE = {Handbook of Mathematical Logic},
	PUBLISHER = {North-Holland},
	YEAR = 1978,
	VOLUME = 90,
	SERIES = {Studies in Logic and the Foundations of Mathematics},
	ADDRESS = {Amsterdam, Holland}
}

@misc{paulson-fixedpoint,
  author = {Lawrence C. Paulson},
  title = {A Fixedpoint Approach to (Co)Inductive and (Co)Datatype Definitions},
  url = {http://www.cl.cam.ac.uk/users/lcp/papers/Sets/milner-ind-defs.pdf},
  crossref = {Milner-essays}
}

@book{Shoenfield,
	AUTHOR = {Joseph R. Shoenfield},
	TITLE = {Mathematical Logic},
	PUBLISHER = {Addison-Wesley},
	ADDRESS = {Reading, MA},
	YEAR = 1967
}

@book{Enderton,
	AUTHOR = {H. B. Enderton},
	TITLE = {A Mathematical Introduction to Logic},
	PUBLISHER = {Academic Press},
	ADDRESS = ny,
	YEAR = 1972
}

@book{Monk76,
	AUTHOR = {J. Donald Monk},
	TITLE = {Mathematical Logic},
	PUBLISHER = sv,
	YEAR = 1976,
	SERIES = gtm,
	ADDRESS = ny
}

@book{Milner-essays,
	editor = {Gordon Plotkin and Colin Stirling and Mads Tofte},
 	title = {Proof, language, and interaction: essays in honour of Robin Milner},
 	booktitle = {Proof, language, and interaction: essays in honour of Robin Milner},
 	year = {2000},
 	isbn = {0-262-16188-5},
 	pages = {1--17},
	publisher = {MIT Press},
}

@article{SannellaDT:essential-concepts97,
        author = {Donald Sannella and Andrzej Tarlecki},
        title = {Essential Concepts of Algebraic
                 Specification and Program Development},
        journal = {Formal Aspects of Computing},
        volume = 9,
        pages = {229--269},
        year = 1997,
        url = {ftp://ftp.dcs.ed.ac.uk/pub/dts/concepts.ps},
        dvi = {concepts.dvi},
        postscript = {concepts.ps},
        pdf = {concepts.pdf},
        abstract =
{The main ideas underlying work on the model-theoretic foundations of
algebraic specification and formal program development are presented
in an informal way.  An attempt is made to offer an overall view,
rather than new results, and to focus on the basic motivation behind
the technicalities presented elsewhere.}}

@techreport{ERGO,
   	AUTHOR = {P. Lee and F. Pfenning and J. Reynolds and G. Rollins
		   and D. Scott},
	TITLE = {Research on Semantically Based Program-Design Environments:
		 The Ergo Project in 1988},
     	INSTITUTION = {Department of Computer Science, Carnegie Mellon University},
		NUMBER = {CMU-CS-88-118},
 	YEAR = {1988}
}

@inproceedings{Maple-PVS:TPHOLS01,
	AUTHOR = {Andrew Adams and Martin Dunstan and Hanne Gottliebsen and Tom Kelsey and Ursula Martin and Sam Owre},
	TITLE = {Computer Algebra Meets Automated Theorem Proving: Integrating {Maple} and {PVS}},
        BOOKTITLE = {Theorem Proving in Higher Order Logics, TPHOLs 2001},
	EDITOR = {Richard J. Boulton and Paul B. Jackson},
	PAGES = {27--42},
        MONTH = sep,
        YEAR = 2001,
        PUBLISHER = {Springer-Verlag},
        ADDRESS = {Edinburgh, Scotland},
        SERIES = {Lecture Notes in Computer Science},
	VOLUME = 2152
}

@book{Boyer-Moore88,
	AUTHOR = {R. S. Boyer and J S. Moore},
	TITLE = {A Computational Logic Handbook},
	PUBLISHER = {Academic Press},
	ADDRESS = ny,
	YEAR = 1988
}

@inproceedings{VDM-in-mural,
	CROSSREF = {VDM91},
	AUTHOR = {J. C. Bicarregui and B. Ritchie},
	TITLE = {Reasoning About {VDM} Using the {VDM} Support Tool in
		{Mural}},
	PAGES = {371--388}
}

@proceedings{VDM91,
	BOOKTITLE = {VDM '91: Formal Software Development Methods},
	TITLE = {VDM '91: Formal Software Development Methods},
	YEAR = 1991,
	MONTH = oct,
	EDITOR = {S. Prehn and W. J. Toetenel},
	PUBLISHER = sv,
	SERIES = lncs,
	VOLUME = 551,
	ADDRESS = {Noordwijkerhout, The Netherlands},
	NOTE = {Volume 1: Conference Contributions}
}

@book{LCF,
	AUTHOR = {M. Gordon and R. Milner and C. Wadsworth},
	PUBLISHER = sv,
	SERIES = lncs,
	VOLUME = 78,
	TITLE = {Edinburgh {LCF}: A Mechanized Logic of Computation},
	YEAR = 1979
}

@incollection{Gordon:HOL88,
	CROSSREF = {Birtwistle&Subrahmanyam88},
	AUTHOR = {M. J. C. Gordon},
	TITLE = {{HOL}: A Proof Generating System for Higher-Order Logic},
	PAGES = {73--128}
}

@book{Birtwistle&Subrahmanyam88,
	EDITOR = {G. Birtwistle and P. A. Subrahmanyam},
	BOOKTITLE = {VLSI Specification, Verification and Synthesis},
	TITLE = {VLSI Specification, Verification and Synthesis},
	PUBLISHER = {Kluwer Academic Publishers},
	ADDRESS = {Boston, MA},
	YEAR = 1988
}

@book{Nuprl-book,
	AUTHOR = {R. L. Constable and S. F. Allen and H. M. Bromley and
		W. R. Cleaveland and J. F. Cremer and R. W. Harper and
		D. J. Howe and T. B. Knoblock and N. P. Mendler and P.
		Panangaden and J. T. Sasaki and S. F. Smith},
	TITLE = {Implementing Mathematics with the {Nuprl} Proof Development
		System},
	PUBLISHER = {Prentice Hall},
	ADDRESS = {Englewood Cliffs, NJ},
	YEAR = 1986
}

@incollection{deBruijn80,
	AUTHOR = {N. G. de Bruijn},
	TITLE = {A Survey of the Project {Automath}},
	BOOKTITLE = {To {H. B. Curry}: Essays on Combinatory Logic, Lambda
		Calculus and Formalism},
	PUBLISHER = {Academic Press},
	EDITORS = {J. P. Seldin and J. R. Hindley},
	PAGES = {589--606},
	YEAR = 1980
}

@TECHREPORT{Otter90,
	AUTHOR = {W. McCune},
	TITLE = {{\sc Otter} 2.0 Users Guide},
	INSTITUTION = {Argonne National Laboratory},
	YEAR = {1990},
	NUMBER = {ANL-90/9}
}

@InProceedings{Bledsoe74,
	Key="Bledsoe",
	Author="W.W. Bledsoe and P. Bruell",
	Title="A Man-Machine Theorem-Proving System",
	Publisher="W.W. Bledsoe",
	BookTitle="Advance Papers of Third International Joint Conference on
 Artificial Intelligence",
	Year="1974"}

@INPROCEEDINGS{Owre-etal98:FM-TRENDS,
	AUTHOR = {Sam Owre and John Rushby and N. Shankar and
		David Stringer-Calvert},
	TITLE = {{PVS:} An Experience Report},
	BOOKTITLE = {Applied Formal Methods---FM-Trends 98},
	YEAR = 1998,
	EDITOR = {Dieter Hutter and Werner Stephan and
		Paolo Traverso and Markus Ullman},
	PAGES = {338--345},
	PUBLISHER = sv,
	ADDRESS = {Boppard, Germany},
	MONTH = oct,
	VOLUME = 1641,
	SERIES = lncs
}

@manual{PVS:manuals,
	TITLE = {User Guide for the {PVS} Specification and
		Verification System},
	AUTHOR = {S. Owre and N. Shankar and J. M. Rushby and
		D. W. J. Stringer-Calvert},
	ORGANIZATION = csl,
	ADDRESS = mp,
	MONTH = sep,
	YEAR = 1998,
	NOTE = {Three volumes: Language, System, and Prover Reference Manuals}
}

@article{Church:types,
	AUTHOR = {A. Church},
	TITLE = {A Formulation of the Simple Theory of Types},
	JOURNAL = {Journal of Symbolic Logic},
	YEAR = 1940,
	VOLUME = 5,
	PAGES = {56--68}
}

@book{Fraenkel-etal84,
	AUTHOR = {A. A. Fraenkel and Y. Bar-Hillel and A. Levy},
	TITLE = {Foundations of Set Theory},
	PUBLISHER = {North-Holland},
	YEAR = 1984,
	VOLUME = 67,
	SERIES = {Studies in Logic and the Foundations of Mathematics},
	ADDRESS = {Amsterdam, The Netherlands},
	EDITION = {second printing, second}
}

@book{Andrews:book,
	AUTHOR = {Peter B. Andrews},
	TITLE = {An Introduction to Logic and Type Theory: To Truth through
		Proof},
	PUBLISHER = {Academic Press},
	ADDRESS = ny,
	YEAR = 1986
}

@book{RAISE:book,
	KEY = {RAISE},
	AUTHOR = {The {RAISE Language Group}},
	TITLE = {The {RAISE} Specification Language},
	PUBLISHER = {Prentice Hall International},
	YEAR = 1992,
	SERIES = {{BCS} Practitioner Series},
	ADDRESS = {Hemel Hempstead, UK}
}

@book{Z-understanding,
	AUTHOR = {J. M. Spivey},
	TITLE = {Understanding {Z}: A Specification Language and its
		Formal Semantics},
	PUBLISHER = {Cambridge University Press},
	YEAR = 1988,
	SERIES = {Cambridge Tracts in Theoretical Computer Science 3},
	ADDRESS = {Cambridge, UK}
}

@inproceedings{popl85,
	AUTHOR = {Kokichi Futatsugi and Joseph Goguen and Jean-Pierre
		Jouannaud and Jos\'{e} Meseguer},
	TITLE = {Principles of {OBJ2}},
	YEAR = 1985,
	BOOKTITLE = {12th} # popl,
	EDITOR = {Brian K. Reid},
	PUBLISHER = acm,
	PAGES = {52-66}
}

@book{Larch:book,
	KEY = {GH},
	AUTHOR = {John V. Guttag {and} James J. Horning with S. J. Garland
		and K. D. Jones and A. Modet and J. M. Wing},
	TITLE = {Larch: Languages and Tools for Formal Specification},
	PUBLISHER = sv,
	YEAR = 1993,
	SERIES = {Texts and Monographs in Computer Science}
}

@manual{EHDM:manuals,
	KEY = {EHDM},
	TITLE = {User Guide for the {{\sc Ehdm}} Specification Language
		and Verification System, Version 6.1},
	ORGANIZATION = csl,
	ADDRESS = mp,
	MONTH = feb,
	YEAR = 1993,
	NOTE = {Three volumes}
}

@book{Gordon&Melham:HOL,
	EDITOR = {M. J. C. Gordon and T. F. Melham},
	TITLE = {Introduction to {HOL}: A Theorem Proving Environment
		for Higher-Order Logic},
	PUBLISHER = {Cambridge University Press},
	YEAR = 1993,
	ADDRESS = {Cambridge, UK},
	NOTE = {HOL home page: \url{http://www.cl.cam.ac.uk/Research/HVG/HOL/}}
}

@techreport{COQ,
	AUTHOR = {Gilles Dowek and Amy Felty and Hugo Herbelin and G\'{e}rard
		Huet and Christine Paulin-Mohring and Benjamin Werner},
	TITLE = {The {COQ} Proof Assistant User's Guide: Version 5.6},
	INSTITUTION = {INRIA},
	YEAR = 1991,
	TYPE = {Rapports Techniques},
	NUMBER = 134,
	ADDRESS = {Rocquencourt, France},
	MONTH = dec
}

@inproceedings{Melham89,
	CROSSREF = {Birtwistle&Subrahmanyam89},
	AUTHOR = {Thomas F. Melham},
	TITLE = {Automating Recursive Type Definitions in Higher Order
		Logic},
	PAGES = {341--386}
}

@book{Birtwistle&Subrahmanyam89,
	TITLE = {Current Trends in Hardware Verification and Theorem
		Proving},
	BOOKTITLE = {Current Trends in Hardware Verification and Theorem
		Proving},
	EDITOR = {G. Birtwistle and P. A. Subrahmanyam},
	YEAR = 1989,
	PUBLISHER = sv,
	ADDRESS = ny
}

@techreport{Shankar:ADT,
	AUTHOR = {S. Owre and N. Shankar}, 
	TITLE = {Abstract Datatypes in {PVS}},
	INSTITUTION = csl,
	ADDRESS = mp,
	MONTH = dec,
	YEAR = 1997,
	NOTE = {Revised version of {SRI-CSL-93-9}.  To appear as a NASA Contractor Report.} 
}

@ARTICLE{TLA:TOPLAS94,
	AUTHOR = {Leslie Lamport},
	TITLE = {The Temporal Logic of Actions},
	JOURNAL = {ACM TOPLAS},
	YEAR = {1994},
	VOLUME = {16},
	NUMBER = {3},
	PAGES = {872--923},
	MONTH = {May}
}

@INCOLLECTION{andrews84,
	AUTHOR = {P.~B.~Andrews and D.~A.~Miller and E.~L.~Cohen and F.~Pfenning},
	TITLE = {Automating Higher-Order Logic},
	BOOKTITLE = {Automated Theorem Proving: After 25 Years},
       Editor="W.~W.~Bledsoe and D.~W.~Loveland",
	Publisher="American Mathematical Society",
        Address="Providence, R.I.",
        Pages="169--192",
        Year="1984"}

@incollection{DybjerP:indsfm,
author  = "Peter Dybjer",
booktitle = "Logical Frameworks",
title   = "Inductive sets and families in {Martin-L{\"o}f's} Type Theory
           and their set-theoretic semantics",
year    = 1991,
publisher = "Cambridge University Press",
editors = "Gerard Huet and Gordon Plotkin",
pages   = "280-306"}

@InProceedings{Howe91,
author={Douglas J. Howe},
title={On Computational Open-Endedness in {Martin-L{\"o}f's} Type
Theory},
pages={162--172},
crossref={LICS6},
source={ftp://theory.lcs.mit.edu/pub/meyer/lics.bib}
}

@INPROCEEDINGS{Howe96,
	AUTHOR = {Douglas J. Howe},
	TITLE = {Semantic Foundations for Embedding {HOL} in {Nuprl}},
	BOOKTITLE = {Algebraic Methodology and Software Technology, 5th International Conference, AMAST'96},
	YEAR = {1996},
	EDITOR = {Martin Wirsing and Maurice Nivat},
	PAGES = {85--101},
	PUBLISHER = sv,
	SERIES = lncs,
	NUMBER = {1101}
}

@INCOLLECTION{MMMS:empty,
	AUTHOR = {Albert R. Meyer and John C. Mitchell and Eugenio Moggi and Richard Statman},
	TITLE = {Empty Types in Polymorphic Lambda Calculus},
	BOOKTITLE = {Logical Foundations of Functional Programming},
	PUBLISHER = {Addison-Wesley},
	YEAR = {1990},
	EDITOR = {Gerard Huet},
	PAGES = {273--284},
	SERIES = {University of Texas at Austin Year of Programming}
}

@Proceedings{LICS6,
title={Proceedings, Sixth Annual IEEE Symposium on Logic in Computer
Science},
booktitle={Proceedings, Sixth Annual IEEE Symposium on Logic in
Computer Science},
year=1991,
month={15--18 } # jul,
address={Amsterdam, The Netherlands},
organization={IEEE Computer Society Press},
crossrefonly=1,
comment={IEEE Computer Society Order Number 2230; Library of Congress
Number 89-641304; IEEE Catalog Number 91CH3025-4; ISBN 0-8186-2230-X},
source={ftp://theory.lcs.mit.edu/pub/meyer/lics.bib}
}

@inproceedings{Lincoln&Rushby93:CAV,
	AUTHOR = {Patrick Lincoln and John Rushby},
	TITLE = {Formal Verification of an Algorithm for Interactive
		Consistency under a Hybrid Fault Model},
	PAGES = {292--304},
	CROSSREF = {CAV93}
}

@proceedings{CAV93,
	BOOKTITLE = cav # {93},
	TITLE = cav # {93},
	YEAR = 1993,
	EDITOR = {Costas Courcoubetis},
	PUBLISHER = sv,
	SERIES = lncs,
	VOLUME = 697,
	ADDRESS = {Elounda, Greece},
	MONTH = jun # {/} # jul
}

@inproceedings{Lincoln&Rushby93:FTCS,
	AUTHOR = {Patrick Lincoln and John Rushby},
	TITLE = {A Formally Verified Algorithm for Interactive Consistency
		under a Hybrid Fault Model},
	PAGES = {402--411},
	CROSSREF = {FTCS23},
	NOTE = {Reprinted in~\cite[pp.\ 438--447]{FTCS-highlights}}
}

@inproceedings{Lincoln&Rushby94:FTP,
	AUTHOR = {Patrick Lincoln and John Rushby},
	TITLE = {Formal Verification of an Interactive Consistency Algorithm
		for the {Draper FTP} Architecture Under a Hybrid Fault
		Model},
	PAGES = {107--120},
	CROSSREF = {Compass94}
}

@inproceedings{Miller&Srivas95,
	AUTHOR = {Steven P. Miller and Mandayam Srivas},
	TITLE = {Formal Verification of the {AAMP5} Microprocessor: A
		Case Study in the Industrial Use of Formal Methods},
	BOOKTITLE = {WIFT '95: Workshop on Industrial-Strength Formal
		Specification Techniques},
	PAGES = {2--16},
	DATE = apr,
	YEAR = 1995,
	ORGANIZATION = ieeecs,
	ADDRESS = {Boca Raton, FL}
}

@inproceedings{Skakkebaek&Shankar94,
	AUTHOR = {Jens U. Skakkeb{\ae}k and N. Shankar},
	TITLE = {Towards a {Duration Calculus} Proof Assistant in {PVS}},
	PAGES = {660--679},
	CROSSREF = {FTRTFT94}
}

@proceedings{FTCS23,
	KEY = {FTCS-23},
	BOOKTITLE = ftcs # 23,
	TITLE = ftcs # 23,
	MONTH = jun,
	YEAR = 1993,
	ADDRESS = {Toulouse, France},
	ORGANIZATION = ieeecs,
	
}

@proceedings{Compass94,
	KEY = {COMPASS'94},
	BOOKTITLE = {COMPASS '94 (Proceedings of the Ninth Annual Conference
		on Computer Assurance)},
	TITLE = {COMPASS '94 (Proceedings of the Ninth Annual Conference
		on Computer Assurance)},
	YEAR = 1994,
	ORGANIZATION = {IEEE Washington Section},
	ADDRESS = {Gaithersburg, MD},
	MONTH = jun
}

@proceedings{FTRTFT94,
	TITLE = {Formal Techniques in Real-Time and Fault-Tolerant Systems},
	BOOKTITLE = {Formal Techniques in Real-Time and Fault-Tolerant
		Systems},
	EDITOR = {H. Langmaack and W.-P. {de Roever} and J. Vytopil},
	SERIES = lncs,
	PUBLISHER = sv,
	VOLUME = 863,
	MONTH = sep,
	YEAR = 1994,
	ADDRESS = {L\"{u}beck, Germany}
}

@article{Owre95:prolegomena,
	AUTHOR = {Sam Owre and John Rushby and Natarajan Shankar and
		Friedrich von Henke},
	TITLE = {Formal Verification for Fault-Tolerant Architectures:
		Prolegomena to the Design of {PVS}},
	JOURNAL = ieeetse,
	VOLUME = 21,
	NUMBER = 2,
	PAGES = {107--125},
	MONTH = feb,
	YEAR = 1995,
	NOTE = {{PVS} home page: \url{http://pvs.csl.sri.com}}
}

@inproceedings{Butler&Johnson93,
	AUTHOR = {Ricky W. Butler and Sally C. Johnson},
	TITLE = {Formal Methods For Life-Critical Software},
	BOOKTITLE = {Computing in Aerospace Conference},
	ADDRESS = {San Diego, CA},
	MONTH = oct,
	YEAR = 1993,
	PAGES = {319--329}
}

@techreport{jovial:pv,
	AUTHOR = {B. Elspas and M. Green and M. Moriconi and R. Shostak},
	TITLE = {A {JOVIAL} Verifier},
	INSTITUTION = {Computer Science Laboratory, SRI International},
	MONTH = jan,
	YEAR = 1979
}

@article{Robinson&Levitt,
	AUTHOR = {Lawrence Robinson and Karl N. Levitt},
	TITLE = {Proof Techniques for Hierarchically Structured Programs},
	JOURNAL = cacm,
	YEAR = 1976,
	VOLUME = 20,
	NUMBER = 4,
	PAGES = {271--283},
	MONTH = apr
}

@manual{HDM:Handbook,
	AUTHOR = {L. Robinson and K. N. Levitt and B. A. Silverberg},
	ORGANIZATION = csl,
	TITLE = {The {HDM} Handbook},
	YEAR = 1979,
	MONTH = jun,
	NOTE = {Three Volumes},
	ADDRESS = mp
}

@inproceedings{STP,
	AUTHOR = {R. E. Shostak and R. Schwartz and P. M. Melliar-Smith},
	TITLE = {{STP}: A Mechanized Logic for Specification and Verification},
	EDITOR = {D. Loveland},
	BOOKTITLE = {6th} # cade,
	PUBLISHER = sv,
	SERIES = lncs,
	VOLUME = 138,
	ADDRESS = ny,
	YEAR = 1982
}

@inproceedings{Melliar-Smith&Rushby,
	AUTHOR = {P. Michael Melliar-Smith and John Rushby},
	BOOKTITLE = {Proc.\ VerkShop III},
	ADDRESS = {Watsonville, CA},
	TITLE = {The {Enhanced HDM} System for Specification and Verification},
	YEAR = 1985,
	PAGES = {41--43},
	MONTH = feb,
	NOTE = {Published as ACM Software Engineering Notes, Vol.\ 10,
		No.\ 4, Aug.\ 85}
}

@techreport{EHDM:tutorial,
	AUTHOR = {John Rushby and Friedrich von Henke and Sam Owre},
	INSTITUTION = csl,
	TITLE = {An Introduction to Formal Specification and Verification
		Using {{\sc Ehdm}}},
	MONTH = feb,
	YEAR = 1991,
	NUMBER = {SRI-CSL-91-2},
	ADDRESS = mp
}

@inproceedings{Prasad92,
	AUTHOR = {Sanjiva Prasad},
	TITLE = {Verification of Numerical Programs Using {Penelope/Ariel}},
	PAGES = {11--24},
	CROSSREF = {Compass92}
}

@article{Larch85,
	AUTHOR = {John V. Guttag and James J. Horning and Jeannette M.
		Wing},
	TITLE = {The {Larch} Family of Specification Languages},
	JOURNAL = {IEEE Software},
	YEAR = 1985,
	VOLUME = 2,
	NUMBER = 5,
	PAGES = {24--36},
	MONTH = sep
}

@inproceedings{Clarke-etal90,
	AUTHOR = {J. R. Burch and E. M. Clarke and K. L McMillan and
		D. L. Dill and L. J. Hwang},
	TITLE = {Symbolic Model Checking: $10^{20}$ States and Beyond},
	BOOKTITLE = {5th } # lics,
	YEAR = 1990,
	PAGES = {428--439},
	ORGANIZATION = ieeecs,
	ADDRESS = {Philadelphia, PA},
	MONTH = jun
}

@book{me-too,
	AUTHOR = {Heather Alexander and Val Jones},
	TITLE = {Software Design and Prototyping Using {\sl me too}},
	PUBLISHER = {Prentice Hall International},
	YEAR = 1990,
	ADDRESS = {Hemel Hempstead, UK}
}

@book{Hekmatpour&Ince:prototyping,
	AUTHOR = {Sharam Hekmatpour and Darrel Ince},
	TITLE = {Software Prototyping, Formal Methods, and {VDM}},
	PUBLISHER = {Addison-Wesley},
	YEAR = 1988,
	SERIES = {International Computer Science Series},
	ADDRESS = {Wokingham, England}
}

@inproceedings{Shankar:ATVA08,
	AUTHOR={Natarajan Shankar},
	TITLE={Trust and Automation in Verification Tools},
	CROSSREF="ATVA08",
	PAGES={4--17}
}

@techreport{Rushby95:Movie,
	AUTHOR = {John Rushby},
	TITLE = {{Proof Movie II}: A Proof with {PVS}},
	INSTITUTION = csl,
	YEAR = 1995,
	ADDRESS = mp,
	NOTE = {Available, with specification files, at \url{http://www.csl.sri.com/movie.html}}
}

@inproceedings{Cyrluk94:TPCD,
	AUTHOR = {D. Cyrluk and S. Rajan and N. Shankar and M. K. Srivas},
	TITLE = {Effective Theorem Proving for Hardware Verification},
	PAGES = {203--222},
	CROSSREF = {TPCD94}
}

@inproceedings{Shankar93:CAV,
	AUTHOR = {Natarajan Shankar},
	TITLE = {Verification of Real-Time Systems Using {PVS}},
	PAGES = {280--291},
	CROSSREF = {CAV93}
}

@techreport{Sree94:TR,
	AUTHOR = {P. Sreeranga Rajan},
	TITLE = {Transformations in High-Level Synthesis: Formal Specification
		and Efficient Mechanical Verification},
	INSTITUTION = csl,
	YEAR = 1994,
	NUMBER = {SRI-CSL-94-10},
	ADDRESS = mp,
	MONTH = oct,
	NOTE = {Revised version of Technical Report NL-TN 118/94, Philips
		Research Laboratories, Eindhoven, The Netherlands, April
		1994}
}

@inproceedings{Hooman94,
	AUTHOR = {Jozef Hooman},
	TITLE = {Correctness of Real Time Systems by Construction},
	PAGES = {19--40},
	CROSSREF = {FTRTFT94}
}

@techreport{Butler:PVS-tut,
	AUTHOR = {Ricky W. Butler},
	TITLE = {An Elementary Tutorial on Formal Specification and
		Verification Using {PVS 2}},
	YEAR = 1993,
	INSTITUTION = larc,
	TYPE = {NASA Technical Memorandum},
	NUMBER = 108991,
	ADDRESS = {Hampton, VA},
	MONTH = jun,
	NOTE = {Revised June 1995.   Available, with PVS specification files,
		at \url{http://atb-www.larc.nasa.gov/ftp/larc/PVS-tutorial};
		use only files marked ``revised.''}
}

@inproceedings{Johnson94:TPCD,
	AUTHOR = {Steven D. Johnson and Paul S. Miner and Albert Camlleri},
	TITLE = {Studies of the Single-Pulser in Various Reasoning Systems},
	PAGES = {126--145},
	CROSSREF = {TPCD94}
}

@inproceedings{Miner94:circuit,
	AUTHOR = {Paul S. Miner and Shyamsundar Pullela and Steven D.
		Johnson},
	TITLE = {Interaction of Formal Design Systems in the Development
		of a Fault-Tolerant Clock Synchronization Circuit},
	BOOKTITLE = {13th} # srds,
	YEAR = 1994,
	ORGANIZATION = ieeecs,
	ADDRESS = {Dana Point, CA},
	MONTH = oct,
	PAGES = {128--137}
}

@BOOK{Constable86, 
        KEY="Constable86",
	AUTHOR="R. L. {Constable,~{\it et al\/}}",
	TITLE="Implementing Mathematics with the {Nuprl}",
	PUBLISHER="Prentice-Hall",
	ADDRESS="New Jersey",
	YEAR="1986"
}

@InProceedings{Coquand-Huet85, 
        Key= "Coquand",
	author="T. Coquand and G. P. Huet",
	title="Constructions: A Higher Order Proof System for
Mechanizing Mathematics",
	booktitle="Proceedings of EUROCAL 85, Linz (Austria)",
	Publisher="Springer-Verlag", Year ="1985",
        ADDRESS = {Berlin}
}

@INCOLLECTION{Gordon:HOL,
	AUTHOR = {M.~J.~C.~Gordon},
	TITLE = {{HOL}: A Proof Generating System for Higher-Order Logic},
	BOOKTITLE = {VLSI Specification, Verification and Synthesis},
	PUBLISHER = {Kluwer},
	YEAR = {1988},
	EDITOR = {G.~Birtwistle and P.~A.~Subrahmanyam},
	PAGES = {73--128},
	ADDRESS = {Dordrecht, The Netherlands}
}

@BOOK{mcallester89,
	AUTHOR = {D.~A.~McAllester},
	TITLE = {{ONTIC}: A Knowledge Representation System for Mathematics},
	PUBLISHER = {MIT Press},
	YEAR = {1989}
}

@incollection{Pase-Saaltink,
	AUTHOR = {W.~Pase and M.~Saaltink},
	TITLE = {Formal Verification in m-EVES},
	BOOKTITLE = {Current Trends in Hardware Verification and Automated Theorem Proving},
	YEAR = {1989},
        PAGES = {268--302},
	EDITOR = {G.~Birtwistle and P. A. Subrahmanyam},
	PUBLISHER = {Springer-Verlag}
}

@TECHREPORT{IMPS91,
	AUTHOR = {W. M. Farmer and J. D. Guttman and F. J. Thayer},
	TITLE = {{IMPS}: An Interactive Mathematical Proof System},
	INSTITUTION = {Mitre Corporation},
	YEAR = {1991},
	NUMBER = {M90-19}
}

@techreport{HW-Tutorial:Report,
	AUTHOR = {Mandayam Srivas and Natarajan Shankar and Sreeranga
		Rajan},
	TITLE = {Hardware Verification using {PVS}: A Tutorial},
	INSTITUTION = csl,
	YEAR = 1995,
	ADDRESS = mp,
	NOTE = {Forthcoming}
}

@ARTICLE{mephisto,
	AUTHOR = {R. Kumar and K. Schneider and T. Kropf},
	TITLE = {Structuring and Automating Hardware Proofs in a Higher-Order Therem Proving Environment},
	JOURNAL = {Formal Methods in System Design},
	YEAR = {1993},
	VOLUME = {2},
	NUMBER = {2},
	PAGES = {165--223}
}

@INPROCEEDINGS{HOL:super,
	AUTHOR = {Mark D. Aagard and Miriam E. Leeser and Phillip J. Windley},
	TITLE = {Toward a Super Duper Hardware Tactic},
	BOOKTITLE = {Proceedings of the HOL User's Group Workshop},
	YEAR = {1993},
	PAGES = {401--414}
}

@TechReport{cantu:alu,
  author = 	 "F. J. Cantu",
  title = 	 "Verifying an {\em n-bit} Arithmetic Logic Unit",
  institution =  "University of Edinburgh",
  year = 	 1994,
  type =	 "Blue Book Note 935",
  month =	 "June"
}

@proceedings{Compass92,
	KEY = {COMPASS'92},
	BOOKTITLE = {COMPASS '92 (Proceedings of the Seventh Annual Conference
		on Computer Assurance)},
	TITLE = {COMPASS '92 (Proceedings of the Seventh Annual Conference
		on Computer Assurance)},
	YEAR = 1992,
	ORGANIZATION = {IEEE Washington Section},
	ADDRESS = {Gaithersburg, MD},
	MONTH = jun
}

@proceedings{TPCD94,
	EDITOR = {Ramayya Kumar and Thomas Kropf},
	BOOKTITLE = {Theorem Provers in Circuit Design ({TPCD} '94)},
	TITLE = {Theorem Provers in Circuit Design ({TPCD} '94)},
	MONTH = sep,
	YEAR = 1994,
	ADDRESS = {Bad Herrenalb, Germany},
	PUBLISHER = sv,
	SERIES = lncs,
	VOLUME = 901
}

@proceedings{FTCS-highlights,
	KEY = {FTCS-Highlights},
	TITLE = ftcs # 25 # {: Highlights from 25 Years},
	BOOKTITLE = ftcs # 25 # {: Highlights from 25 Years},
	YEAR = 1995,
	ORGANIZATION = ieeecs,
	PUBLISHER = ieeecs,
	ADDRESS = {Pasadena, CA},
	MONTH = jun
}

@INCOLLECTION{BoyerGoldschlag91,
	AUTHOR = {Robert S. Boyer and David M. Goldschlag and Matt Kaufmann and J S. Moore}, 
	TITLE = {Functional Instantiation in First-Order Logic},
	BOOKTITLE = {Artificial Intelligence and Mathematical Theorem of Computation: Papers in Honor of John McCarthy},
	PUBLISHER = {Academic Press},
	YEAR = {1991},
	EDITOR = {V. Lifschitz},
	PAGES = {7--26}
}

@manual{EHDM:Language,
	KEY = {EHDM},
	ORGANIZATION = csl,
	TITLE = {{\sc Ehdm} Specification and Verification System Version
		5.0---Description of the {\sc Ehdm} Specification Language},
	YEAR = 1990,
	MONTH = jan,
	ADDRESS = mp,
	NOTE = {See~\cite{EHDM:supplement} for the updates to Version
		5.2}
}

@manual{EHDM:supplement,
	KEY = {EHDM},
	ORGANIZATION = csl,
	TITLE = {{\sc Ehdm} Specification and Verification System Version
		5.X---Supplement to User's and Language Manuals},
	YEAR = 1991,
	MONTH = aug,
	ADDRESS = mp,
	NOTE = {Current version number is 5.2.}
}

@inproceedings{Farmer:imps-cade,
	AUTHOR = {William M. Farmer and Joshua D. Guttman and F. Javier
		Thayer},
	TITLE = {{IMPS}: An Interactive Mathematical Proof System},
	BOOKTITLE = {10th} # cade,
	EDITOR = {Mark E. Stickel},
	YEAR = 1990,
	MONTH = jul,
	PUBLISHER = sv,
	SERIES = lncs,
	VOLUME = 449,
	ADDRESS = {Kaiserslautern, Germany},
	PAGES = {653--654}
}

@INPROCEEDINGS{Farmer94,
  author = {W. M. Farmer},
  title = {Theory Interpretation in Simple Type Theory},
  booktitle = {Higher-Order Algebra, Logic, and Term Rewriting},
  year = {1994},
  editor = {J. Heering et al.},
  volume = {816},
  series = {Lecture Notes in Computer Science},
  pages = {96--123},
  publisher = {Springer-Verlag}
}

@TECHREPORT{Kammuller:comparison,
  author = {F. Kamm\"{u}ller},
  title = {Comparison of {IMPS}, {PVS} and {Larch} with respect to Theory Treatment
	and Modularization},
  institution = {Computer Laboratory, University of Cambridge},
  year = {1996},
  note = {Unpublished Draft 1.0, available at \url{http://www.first.gmd.de/~florian/papers/report.ps.gz}}
}

@TECHREPORT{Maude,
  author = {M. Clavel and F. Dur\'an and S.~Eker and P.~Lincoln and N. Mart\'{\i}-Oliet
	and J. Meseguer and J. F. Quesada},
  title = {Maude: Specification and Programming in Rewriting Logic},
  institution = {Computer Science Laboratory, SRI International},
  year = {1999},
  number = {CDRL A005},
  month = mar,
  url = {http://maude.csl.sri.com/manual/}
}

@techreport{OBJ:intro,
	AUTHOR = {Joseph A. Goguen and Timothy Winkler},
	TITLE = {Introducing {OBJ}},
	INSTITUTION = csl,
	YEAR = 1988,
	NUMBER = {SRI-CSL-88-9},
	ADDRESS = mp,
	MONTH = aug
}

@BOOK{ML-report,
	AUTHOR = {R. Milner and M. Tofte and R. Harper},
	TITLE = {The Definition of Standard {ML}},
	PUBLISHER = {MIT Press},
	YEAR = {1990}
}

@INPROCEEDINGS{SrinivasJullig95,
	AUTHOR = {Yellamraju V. Srinivas and Richard J\"ullig},
	TITLE = {Specware: {Formal} support for composing software},
	BOOKTITLE = {Mathematics of Program Construction},
        EDITOR = {Bernhard M\"oller},
        publisher = sv,
        series = lncs,
        number = 947,
        pages = {399--422},
	YEAR = {1995}}

@Incollection{BURSTALL&GOGUEN,
        Author="R. M. Burstall and J. A. Goguen",
        Key="Burstall & Goguen",
        Title="An Informal Introduction to Specifications using {Clear}",
	Editor="R. S. Boyer and J. S. Moore",
        Booktitle="The Correctness Problem in Computer Science",
        Publisher="Academic Press, London",
        Year="1981"}

@techreport{PVS-Semantics:TR,
	TITLE = {The Formal Semantics of {PVS}},
	AUTHOR = {Sam Owre and Natarajan Shankar},
	NUMBER = {SRI-CSL-97-2},
	INSTITUTION = {Computer Science Laboratory, SRI International},
	ADDRESS = {Menlo Park, CA},
	MONTH = aug,
	YEAR = 1997
}
	